<?xml version="1.0" encoding="UTF-8"?><collection xmlns="http://www.loc.gov/MARC21/slim"><record><leader>00317nam--2200121-i-4500</leader><controlfield tag="001">000007717</controlfield><controlfield tag="002">20161230</controlfield><controlfield tag="005">20161230201027</controlfield><controlfield tag="008">060222s1000------------r-----000-0-eng-d</controlfield><datafield ind1=" " ind2=" " tag="245"><subfield code="a">Dictionar tehnic german-roman</subfield></datafield><datafield ind1=" " ind2=" " tag="260"><subfield code="a">Bucuresti, Ed.Tehnica, 1966</subfield></datafield><datafield ind1=" " ind2=" " tag="490"><subfield code="a">Vii+1538p</subfield></datafield><datafield ind1=" " ind2=" " tag="852"><subfield code="a">62(038)=002=30=590:801.323.2=30=590</subfield></datafield></record></collection>